@article{DBLP:journals/corr/Graves13,
    author    = {Alex Graves},
    title     = {Generating Sequences With Recurrent Neural Networks},
    journal   = {CoRR},
    volume    = {abs/1308.0850},
    year      = {2013},
    url       = {http://arxiv.org/abs/1308.0850},
    archivePrefix = {arXiv},
    eprint    = {1308.0850},
    timestamp = {Mon, 13 Aug 2018 16:47:21 +0200},
    biburl    = {https://dblp.org/rec/journals/corr/Graves13.bib},
    bibsource = {dblp computer science bibliography, https://dblp.org}
}

@article{DBLP:journals/corr/abs-1810-04805,
    author    = {Jacob Devlin and
               Ming{-}Wei Chang and
               Kenton Lee and
               Kristina Toutanova},
    title     = {{BERT:} Pre-training of Deep Bidirectional Transformers for Language
               Understanding},
    journal   = {CoRR},
    volume    = {abs/1810.04805},
    year      = {2018},
    url       = {http://arxiv.org/abs/1810.04805},
    archivePrefix = {arXiv},
    eprint    = {1810.04805},
    timestamp = {Tue, 30 Oct 2018 20:39:56 +0100},
    biburl    = {https://dblp.org/rec/journals/corr/abs-1810-04805.bib},
    bibsource = {dblp computer science bibliography, https://dblp.org}
}

@article{DBLP:journals/corr/VaswaniSPUJGKP17,
    author    = {Ashish Vaswani and
               Noam Shazeer and
               Niki Parmar and
               Jakob Uszkoreit and
               Llion Jones and
               Aidan N. Gomez and
               Lukasz Kaiser and
               Illia Polosukhin},
    title     = {Attention Is All You Need},
    journal   = {CoRR},
    volume    = {abs/1706.03762},
    year      = {2017},
    url       = {http://arxiv.org/abs/1706.03762},
    archivePrefix = {arXiv},
    eprint    = {1706.03762},
    timestamp = {Mon, 13 Aug 2018 16:48:37 +0200},
    biburl    = {https://dblp.org/rec/journals/corr/VaswaniSPUJGKP17.bib},
    bibsource = {dblp computer science bibliography, https://dblp.org}
}

@article{DBLP:journals/corr/ChoMGBSB14,
  author    = {Kyunghyun Cho and
               Bart van Merrienboer and
               {\c{C}}aglar G{\"{u}}l{\c{c}}ehre and
               Fethi Bougares and
               Holger Schwenk and
               Yoshua Bengio},
  title     = {Learning Phrase Representations using {RNN} Encoder-Decoder for Statistical
               Machine Translation},
  journal   = {CoRR},
  volume    = {abs/1406.1078},
  year      = {2014},
  url       = {http://arxiv.org/abs/1406.1078},
  archivePrefix = {arXiv},
  eprint    = {1406.1078},
  timestamp = {Mon, 13 Aug 2018 16:46:44 +0200},
  biburl    = {https://dblp.org/rec/journals/corr/ChoMGBSB14.bib},
  bibsource = {dblp computer science bibliography, https://dblp.org}
}

@inproceedings{DBLP:journals/corr/BahdanauCB14,
  author    = {Dzmitry Bahdanau and
               Kyunghyun Cho and
               Yoshua Bengio},
  editor    = {Yoshua Bengio and
               Yann LeCun},
  title     = {Neural Machine Translation by Jointly Learning to Align and Translate},
  booktitle = {3rd International Conference on Learning Representations, {ICLR} 2015,
               San Diego, CA, USA, May 7-9, 2015, Conference Track Proceedings},
  year      = {2015},
  url       = {http://arxiv.org/abs/1409.0473},
  timestamp = {Wed, 17 Jul 2019 10:40:54 +0200},
  biburl    = {https://dblp.org/rec/journals/corr/BahdanauCB14.bib},
  bibsource = {dblp computer science bibliography, https://dblp.org}
}